@misc{CotNDBot,
  author = {Buck Bukaty, Amy Kanne},
  title = {{Crypt of the NecroDancer Bot}},
  howpublished = "\url{https://bbukaty.github.io/CoNBot/}",
  year = {2018}, 
  note = "[Online; accessed 23-October-2023]"
}
